<?xml version="1.0" encoding="UTF-8"?><record xmlns="http://www.loc.gov/MARC21/slim" xmlns:cinclude="http://apache.org/cocoon/include/1.0" xmlns:zs="http://www.loc.gov/zing/srw/">
  <leader>00467cz  a2200121n  4500</leader>
  <controlfield tag="001">n  90618321 </controlfield>
  <controlfield tag="003">DLC</controlfield>
  <controlfield tag="005">19900801105742.4</controlfield>
  <controlfield tag="008">900308n| acannaab|          |n ana |||  </controlfield>
  <datafield tag="010" ind1=" " ind2=" ">
    <subfield code="a">n  90618321 </subfield>
  </datafield>
  <datafield tag="040" ind1=" " ind2=" ">
    <subfield code="a">DLC</subfield>
    <subfield code="c">DLC</subfield>
    <subfield code="d">DLC</subfield>
  </datafield>
  <datafield tag="110" ind1="2" ind2="0">
    <subfield code="a">Rorimer-Brooks Studios</subfield>
  </datafield>
  <datafield tag="670" ind1=" " ind2=" ">
    <subfield code="a">PinĚa, L.A. Louis Rorimer, 1990:</subfield>
    <subfield code="b">CIP galley, etc. (Rorimer-Brooks Studios; interior design firm located in Cleveland, Ohio; Rorimer-Brooks Studios [no publs. in LC database] changed name several times)</subfield>
  </datafield>
</record>